@article{kullback1951information,
  title={On information and sufficiency},
  author={Kullback, Solomon and Leibler, Richard A},
  journal={The annals of mathematical statistics},
  volume={22},
  number={1},
  pages={79--86},
  year={1951},
  publisher={JSTOR}
}
@inproceedings{fuglede2004jensen,
  title={Jensen-Shannon divergence and Hilbert space embedding},
  author={Fuglede, Bent and Topsoe, Flemming},
  booktitle={International Symposium on Information Theory, 2004. ISIT 2004. Proceedings.},
  pages={31},
  year={2004},
  organization={IEEE}
}
@article{bateman2004pfam,
  title={The Pfam protein families database},
  author={Bateman, Alex and Coin, Lachlan and Durbin, Richard and Finn, Robert D and Hollich, Volker and Griffiths-Jones, Sam and Khanna, Ajay and Marshall, Mhairi and Moxon, Simon and Sonnhammer, Erik LL and others},
  journal={Nucleic acids research},
  volume={32},
  number={suppl\_1},
  pages={D138--D141},
  year={2004},
  publisher={Oxford University Press}
}
@article{haft2003tigrfams,
  title={The TIGRFAMs database of protein families},
  author={Haft, Daniel H and Selengut, Jeremy D and White, Owen},
  journal={Nucleic acids research},
  volume={31},
  number={1},
  pages={371--373},
  year={2003},
  publisher={Oxford University Press}
}
@article{hyatt2010prodigal,
  title={Prodigal: prokaryotic gene recognition and translation initiation site identification},
  author={Hyatt, Doug and Chen, Gwo-Liang and LoCascio, Philip F and Land, Miriam L and Larimer, Frank W and Hauser, Loren J},
  journal={BMC bioinformatics},
  volume={11},
  number={1},
  pages={119},
  year={2010},
  publisher={Springer}
}
@article{benson2012genbank,
  title={GenBank},
  author={Benson, Dennis A and Cavanaugh, Mark and Clark, Karen and Karsch-Mizrachi, Ilene and Lipman, David J and Ostell, James and Sayers, Eric W},
  journal={Nucleic acids research},
  volume={41},
  number={D1},
  pages={D36--D42},
  year={2012},
  publisher={Oxford University Press}
}
@article{kass1995bayes,
  title={Bayes factors},
  author={Kass, Robert E and Raftery, Adrian E},
  journal={Journal of the american statistical association},
  volume={90},
  number={430},
  pages={773--795},
  year={1995},
  publisher={Taylor \& Francis}
}
