@book{molecular_biology_of_the_cell_5th,
  author={Alberts, B. and Bray, D. and Lewis, J. and Raff, M. and Roberts, K. and Watson, J.D.},
  edition ={5th},
  publisher={Garland},
  title={Molecular Biology of the Cell},
  year={2008},
  pages={370--373},
}
@article{levi2019mrna,
  title={mRNA association by aminoacyl tRNA synthetase occurs at a putative anticodon mimic and autoregulates translation in response to tRNA levels},
  author={Levi, Ofri and Arava, Yoav},
  journal={PLoS biology},
  volume={17},
  number={5},
  pages={e3000274},
  year={2019},
  publisher={Public Library of Science}
}
@article{ames1983leader,
  title={The leader mRNA of the histidine attenuator region resembles tRNAHis: possible general regulatory implications},
  author={Ames, Bruce N and Tsang, Timothy H and Buck, Martin and Christman, Michael F},
  journal={Proceedings of the National Academy of Sciences},
  volume={80},
  number={17},
  pages={5240--5242},
  year={1983},
  publisher={National Acad Sciences}
}
@article{ibba2000aminoacyl,
  title={Aminoacyl-tRNA synthesis},
  author={Ibba, Michael and S{\"o}ll, Dieter},
  journal={Annual review of biochemistry},
  volume={69},
  number={1},
  pages={617--650},
  year={2000},
  publisher={Annual Reviews 4139 El Camino Way, PO Box 10139, Palo Alto, CA 94303-0139, USA}
}
@article{graffe1992specificity,
  title={The specificity of translational control switched with transfer RNA identity rules},
  author={Graffe, M and Dondon, J and Caillet, J and Romby, P and Ehresmann, C and Ehresmann, B and Springer, M},
  journal={Science},
  volume={255},
  number={5047},
  pages={994--996},
  year={1992},
  publisher={American Association for the Advancement of Science}
}
@article{nomura1980feedback,
  title={Feedback regulation of ribosomal protein gene expression in Escherichia coli: structural homology of ribosomal RNA and ribosomal protein mRNA},
  author={Nomura, Masayasu and Yates, John L and Dean, Dennis and Post, Leonard E},
  journal={Proceedings of the National Academy of Sciences},
  volume={77},
  number={12},
  pages={7084--7088},
  year={1980},
  publisher={National Acad Sciences}
}
@article{roy2020autoregulation,
  title={Autoregulation of yeast ribosomal proteins discovered by efficient search for feedback regulation},
  author={Roy, Basab and Granas, David and Bragg, Fredrick and Cher, Jonathan AY and White, Michael A and Stormo, Gary D},
  journal={Communications biology},
  volume={3},
  number={1},
  pages={1--9},
  year={2020},
  publisher={Nature Publishing Group}
}
@article{radhakrishnan2016dead,
  title={The DEAD-box protein Dhh1p couples mRNA decay and translation by monitoring codon optimality},
  author={Radhakrishnan, Aditya and Chen, Ying-Hsin and Martin, Sophie and Alhusaini, Najwa and Green, Rachel and Coller, Jeff},
  journal={Cell},
  volume={167},
  number={1},
  pages={122--132},
  year={2016},
  publisher={Elsevier}
}
@article{bielinska1986regulation,
  title={Regulation of the cysB gene expression in Escherichia coli.},
  author={Bieli{\'n}ska, Anna and Hulanicka, Danuta},
  journal={Acta Biochimica Polonica},
  volume={33},
  number={2},
  pages={133--137},
  year={1986}
}
@article{romby1996expression,
  title={The expression of E. coli threonyl-tRNA synthetase is regulated at the translational level by symmetrical operator-repressor interactions.},
  author={Romby, P and Caillet, J and Ebel, C and Sacerdot, C and Graffe, M and Eyermann, F and Brunel, C and Moine, H and Ehresmann, C and Ehresmann, B and others},
  journal={The EMBO journal},
  volume={15},
  number={21},
  pages={5976--5987},
  year={1996}
}
@article{fewell1999ribosomal,
  title={Ribosomal protein S14 of Saccharomyces cerevisiae regulates its expression by binding toRPS14B Pre-mRNA and to 18S rRNA},
  author={Fewell, Sheara W and Woolford, John L},
  journal={Molecular and cellular biology},
  volume={19},
  number={1},
  pages={826--834},
  year={1999},
  publisher={Am Soc Microbiol}
}
@article{reis2004solving,
  title={Solving the riddle of codon usage preferences: a test for translational selection},
  author={Reis, Mario dos and Savva, Renos and Wernisch, Lorenz},
  journal={Nucleic acids research},
  volume={32},
  number={17},
  pages={5036--5044},
  year={2004},
  publisher={Oxford University Press}
}
